@misc{boudreau_2021, title={What if: Steam reviews actually worked?}, url={https://www.pcgamesn.com/new-world/what-if-steam-reviews-worked}, journal={PCGamesN}, publisher={PCGamesN}, author={Boudreau, Ian}, year={2021}, month={Oct}} 

@misc{prabhakaran_genism, title={Topic modeling in python with gensim}, url={https://www.machinelearningplus.com/nlp/topic-modeling-gensim-python/}, journal={Machine Learning Plus}, publisher={Machinelearningplus corp.}, author={Prabhakaran, Selva}, year={2021}, month={Dec}}

@misc{prabhakaran_vis, title={Topic modeling visualization - how to present results of LDA Model?}, url={https://www.machinelearningplus.com/nlp/topic-modeling-visualization-how-to-present-results-lda-models/}, journal={Machine Learning Plus}, publisher={Machinelearningplus corp.}, author={Prabhakaran, Selva}, year={2021}, month={Dec}}

@misc{steamworks, title={User reviews - get list (steamworks documentation)}, url={https://partner.steamgames.com/doc/store/getreviews}, journal={Steamworks}, publisher={Valve corp.}, author={Steamworks}}

